<?xml version="1.0" encoding="UTF-8"?><collection xmlns="http://www.loc.gov/MARC21/slim"><record><leader>00498nam--2200169-u-4500</leader><controlfield tag="001">000054335</controlfield><controlfield tag="002">20161230</controlfield><controlfield tag="005">20161230201051</controlfield><controlfield tag="008">111122s1000------------r-----000-0-eng-d</controlfield><datafield ind1=" " ind2=" " tag="040"><subfield code="a">IFIN-HH</subfield></datafield><datafield ind1=" " ind2=" " tag="080"><subfield code="a">539.12</subfield></datafield><datafield ind1="1" ind2=" " tag="100"><subfield code="a">Amrein, Werner Oskar</subfield></datafield><datafield ind1="1" ind2="0" tag="245"><subfield code="a">Localizability for particles of mass zero; localisabilite pour particles de masse nulle</subfield><subfield code="b">These</subfield><subfield code="c">Werner oskar amrein</subfield></datafield><datafield ind1=" " ind2=" " tag="260"><subfield code="a">Bale</subfield><subfield code="b">Birkhauser, S.A</subfield><subfield code="c">1968</subfield></datafield><datafield ind1=" " ind2=" " tag="300"><subfield code="a">190P</subfield></datafield><datafield ind1=" " ind2=" " tag="852"><subfield code="a">35594</subfield><subfield code="c">539.12</subfield></datafield><datafield ind1=" " ind2=" " tag="CAT"><subfield code="a">Sys</subfield><subfield code="c">20111122</subfield><subfield code="h">120314</subfield></datafield></record></collection>